<record><leader>02376cam a22005175i 4500</leader><controlfield tag="001">6775041</controlfield><controlfield tag="005">20151020160201.0</controlfield><controlfield tag="008">131119t20152015maua     b    001 0 eng d</controlfield><datafield ind1=" " ind2=" " tag="010"><subfield code="a">  2013955752</subfield></datafield><datafield ind1=" " ind2=" " tag="020"><subfield code="a">9780132824903</subfield></datafield><datafield ind1=" " ind2=" " tag="020"><subfield code="a">0132824906</subfield></datafield><datafield ind1=" " ind2=" " tag="020"><subfield code="a">9780133783032 (with Pearson eText)</subfield></datafield><datafield ind1=" " ind2=" " tag="020"><subfield code="a">0133783030 (with Pearson eText)</subfield></datafield><datafield ind1=" " ind2=" " tag="035"><subfield code="a">ocn884447656</subfield></datafield><datafield ind1=" " ind2=" " tag="040"><subfield code="a">VCV</subfield><subfield code="b">eng</subfield><subfield code="c">VCV</subfield><subfield code="e">rda</subfield><subfield code="d">TXA</subfield><subfield code="d">OCLCF</subfield><subfield code="d">YDXCP</subfield><subfield code="d">DLC</subfield></datafield><datafield ind1=" " ind2=" " tag="042"><subfield code="a">lccopycat</subfield></datafield><datafield ind1="0" ind2="4" tag="082"><subfield code="a">371.33/4</subfield><subfield code="2">22</subfield></datafield><datafield ind1=" " ind2=" " tag="090"><subfield code="a">LB 1028.3 L49 2015</subfield><subfield code="b">AEKC</subfield></datafield><datafield ind1=" " ind2=" " tag="090"><subfield code="a">LB1028.3 .L49 2015</subfield><subfield code="b">AEGMCT</subfield></datafield><datafield ind1="0" ind2="0" tag="097"><subfield code="a">LB1028.3</subfield><subfield code="b">.L49 2014</subfield></datafield><datafield ind1="0" ind2="0" tag="097"><subfield code="a">LB1028.3</subfield><subfield code="b">.L48 2015</subfield></datafield><datafield ind1="1" ind2=" " tag="100"><subfield code="a">Lever-Duffy, Judy,</subfield><subfield code="e">author.</subfield></datafield><datafield ind1="1" ind2="0" tag="245"><subfield code="a">Teaching and learning with technology /</subfield><subfield code="c">Judy Lever-Duffy Miami Dad College (retired), Jean B. McDonald University of Memphis, senior lecturer.</subfield></datafield><datafield ind1=" " ind2=" " tag="250"><subfield code="a">Fifth edition</subfield></datafield><datafield ind1=" " ind2=" " tag="250"><subfield code="a">Loose-leaf version.</subfield></datafield><datafield ind1=" " ind2="1" tag="264"><subfield code="a">Boston :</subfield><subfield code="b">Pearson,</subfield><subfield code="c">[2015]</subfield></datafield><datafield ind1=" " ind2="4" tag="264"><subfield code="c">&#169;2015</subfield></datafield><datafield ind1=" " ind2=" " tag="300"><subfield code="a">xxvi, 340 pages :</subfield><subfield code="b">illustrations ;</subfield><subfield code="c">28 cm</subfield></datafield><datafield ind1=" " ind2=" " tag="336"><subfield code="a">text</subfield><subfield code="b">txt</subfield><subfield code="2">rdacontent</subfield></datafield><datafield ind1=" " ind2=" " tag="337"><subfield code="a">unmediated</subfield><subfield code="b">n</subfield><subfield code="2">rdamedia</subfield></datafield><datafield ind1=" " ind2=" " tag="338"><subfield code="a">volume</subfield><subfield code="b">nc</subfield><subfield code="2">rdacarrier</subfield></datafield><datafield ind1=" " ind2=" " tag="504"><subfield code="a">Includes bibliographical references (pages 317-323) and index.</subfield></datafield><datafield ind1="0" ind2="0" tag="505"><subfield code="t">Technology, teaching, and you --</subfield><subfield code="t">Technology and learning --</subfield><subfield code="t">Planning for technology integration --</subfield><subfield code="t">Technology for diverse learners --</subfield><subfield code="t">Schools and technology --</subfield><subfield code="t">Technology in the classroom --</subfield><subfield code="t">Software for teacher tasks --</subfield><subfield code="t">Software for active learning --</subfield><subfield code="t">Teaching, learning, and the Web --</subfield><subfield code="t">Technology for distance delivery --</subfield><subfield code="t">Technology in schools : implementation issues --</subfield><subfield code="t">Technology in tomorrow's schools.</subfield></datafield><datafield ind1=" " ind2=" " tag="530"><subfield code="a">Also available as an e-book, with links to additional online material.</subfield></datafield><datafield ind1=" " ind2=" " tag="596"><subfield code="a">29 31</subfield></datafield><datafield ind1=" " ind2="0" tag="650"><subfield code="a">Educational technology.</subfield></datafield><datafield ind1=" " ind2="0" tag="650"><subfield code="a">Computer-assisted instruction.</subfield></datafield><datafield ind1=" " ind2="0" tag="650"><subfield code="a">Computer network resources.</subfield></datafield><datafield ind1=" " ind2="0" tag="650"><subfield code="a">Audio-visual materials.</subfield></datafield><datafield ind1="1" ind2=" " tag="700"><subfield code="a">McDonald, Jean B.,</subfield><subfield code="e">author.</subfield></datafield><datafield ind1=" " ind2=" " tag="906"><subfield code="a">0</subfield><subfield code="b">ibc</subfield><subfield code="c">copycat</subfield><subfield code="d">2</subfield><subfield code="e">ncip</subfield><subfield code="f">20</subfield><subfield code="g">y-gencatlg</subfield></datafield><datafield ind1="0" ind2=" " tag="925"><subfield code="a">acquire</subfield><subfield code="b">1 shelf copy</subfield><subfield code="x">Sel/rjc, 2014-10-10</subfield></datafield><datafield ind1=" " ind2=" " tag="955"><subfield code="b">re24 2015-10-20 z-processor</subfield></datafield><datafield ind1=" " ind2=" " tag="955"><subfield code="a">pc20 2013-11-19</subfield></datafield><datafield ind1=" " ind2=" " tag="926"><subfield code="a">LB1028.3 .L49 2015</subfield><subfield code="w">LC</subfield><subfield code="c">1</subfield><subfield code="i">1007435579</subfield><subfield code="d">5/8/2015</subfield><subfield code="l">ON_SHELF</subfield><subfield code="m">GR_MACEWAN</subfield><subfield code="p">$109.15</subfield><subfield code="r">Y</subfield><subfield code="s">Y</subfield><subfield code="t">BOOK</subfield><subfield code="u">1/13/2015</subfield></datafield><datafield ind1=" " ind2=" " tag="926"><subfield code="a">LB 1028.3 L49 2015</subfield><subfield code="w">LC</subfield><subfield code="c">1</subfield><subfield code="i">3197900607608</subfield><subfield code="l">CURRICULUM</subfield><subfield code="m">KINGS</subfield><subfield code="r">Y</subfield><subfield code="s">Y</subfield><subfield code="t">LOCAL_LOAN</subfield><subfield code="u">10/28/2015</subfield></datafield></record>